@book{womak:lean-thinking,
    author  = {James P. Womack, Daniel T. Jones},
    title   = {Lean Thinking, Second Editon},
    publisher = {Simon \& Schuster, Inc.},
    year    = {2010}
}

@online{site:flink-documentation,
    title   = {Apache Flink Documentation},
    url     = {https://ci.apache.org/projects/flink/flink-docs-stable/}
}

@online{site:avro,
    title   = {Apache Avro Documentation},
    url     = {https://avro.apache.org/docs/current/}
}

@online{site:scala-book,
    title   = {Scala Book},
    url     = {https://docs.scala-lang.org/overviews/scala-book/introduction.html}
}

@online{site:scalatest,
    title   = {ScalaTest},
    url     = {https://www.scalatest.org/}
}

@online{site:go,
    title   = {Go Documentation},
    url     = {https://golang.org/doc/}
}

@online{site:intellij-idea-wikipedia,
    title   = {IntelliJ IDEA Wikipedia},
    url     = {https://en.wikipedia.org/wiki/IntelliJ_IDEA}
}





